@misc{branzei2018,
	title={How to Charge Lightning}, 
	author={Simina Br√¢nzei and Erel Segal-Halevi and Aviv Zohar},
	year={2017},
	eprint={1712.10222},
	archivePrefix={arXiv},
	primaryClass={cs.CR},
	url={https://arxiv.org/abs/1712.10222}
}
@article{burchert2018,
	title="Scalable Funding Of Bitcoin Micropayment Channel Networks",
	author="Conrad Burchert and Christian Decker and Roger Wattenhofer",
	url="https://www.tik.ee.ethz.ch/file/a20a865ce40d40c8f942cf206a7cba96/Scalable_Funding_Of_Blockchain_Micropayment_Networks.pdf",
	year="2017"
}
@article{osuntokun2020,
	title={Lightning Pool: A Non-Custodial Channel Lease Marketplace},
	author={Osuntokun, Olaoluwa and Fromknecht, Conner and Paulino, Wilmer and Gugger, Oliver and Halseth, Johan},
	year={2020},
	url={https://github.com/lightninglabs/pool-paper/blob/main/liquidity.pdf}
}
@misc{poon2015,
	title="The Bitcoin Lightning Network: Scalable Off-Chain Instant Payments",
	author="Joseph Poon and Thaddeus Dryja",
	url="http://lightning.network/lightning-network-paper-DRAFT-0.5.pdf",
	year="2015"
}
@misc{sirion2021,
	author = "Eric Sirion",
	title = "Welcome to FediMint.org",
	url = "https://fedimint.org",
	urldate = "2022-01-24",
	year=2021,
}
@misc{kumaigorodski2021,
	author = "Anton Kumaigorodski",
	title = "Scaling LN With Hosted Channels",
	url = "https://lightning-wallet.com/posts/scaling-ln-with-hosted-channels/",
	urldate = "2022-01-24",
	year=2021,
}
@misc{togami2021,
	author = "Warren Togami and Konstantin Nick",
	title = "PeerSwap: Decentralized P2P LN Balancing Protocol",
	url = "https://blockstream.com/assets/downloads/2021-11-16-PeerSwap_Announcement.pdf",
	urldate = "2022-01-24",
	year=2021,
}
@misc{ZmnSCPxj2020,
	author = "ZmnSCPxj",
	title = "CLBOSS Automated C-Lightning Node Manager",
	url = "https://lists.ozlabs.org/pipermail/c-lightning/2020-October/000197.html",
	urldate = "2022-02-07",
	year=2020,
	note="Message to the c-lightning mailing list",
}
@misc{russel2018,
	author = "Rusty Russell",
	title = "Splicing Proposal: Feedback please!
",
	url = "https://lists.linuxfoundation.org/pipermail/lightning-dev/2018-October/001434.html",
	urldate = "2022-02-18",
	note="Message to the Lightning-dev mailing list",
	year=2018,
}
@misc{neigut2018,
	author = "Lisa Neigut",
	title = "Proposal for Advertising Channel Liquidity",
	url = "https://lists.linuxfoundation.org/pipermail/lightning-dev/2018-November/001532.html",
	urldate = "2022-02-18",
	year=2018,
	note="Message to the Lightning-dev mailing list",
}
@misc{lngossip,
	title = {Lightning Network Research; Topology Datasets},
	author = {Decker, Christian},
	url = {https://github.com/lnresearch/topology},
	note = {Accessed: 2022-02-17},
	doi = {10.5281/zenodo.4088530},
	year=2021,
}
@misc{lnchannels,
	title = {lnchannels},
	author = {fiatjaf},
	url = {https://ln.fiatjaf.com},
	note = {Accessed: 2022-01-31},
	year=2022,
}
@misc{poolrates,
	title = {Kollider Yield},
	author = {Kollider},
	url = {https://yield.kollider.xyz},
	note = {Accessed: 2022-02-14},
	year=2022,
}
@misc{bosworth2018,
	title= {Submarine Swaps on the Lightning Network},
	author = {Alex Bosworth},
	year = {2018},
	note= {Presented at SF Bitcoin Developers},
	URL= {https://submarineswaps.github.io/},
}
